@misc{mysqlwebpage,
  title = {MySQL},
  howpublished = {\url{https://www.mysql.com/}},
  note = {Accessed: 2024-09-14}
}

@article{akhtar2023popularity,
  title={Popularity ranking of database management systems},
  author={Akhtar, Aleem},
  journal={arXiv preprint arXiv:2301.00847},
  year={2023}
}

@article{codd1970relational,
  title={A relational model of data for large shared data banks},
  author={Codd, Edgar F},
  journal={Communications of the ACM},
  volume={13},
  number={6},
  pages={377--387},
  year={1970},
  publisher={ACM New York, NY, USA}
}

@book{barroso2022datacenter,
  title={The datacenter as a computer: An introduction to the design of warehouse-scale machines},
  author={Barroso, Luis Andre and Clidaras, Jimmy},
  year={2022},
  publisher={Springer Nature}
}

# url blogpost https://www.testim.io/blog/unit-test-vs-integration-test/
@misc{testimblogtests,
  title = {Unit Test vs. Integration Test: What's the Difference?},
  author = {Testim},
  year = {2022},
  howpublished = {\url{https://www.testim.io/blog/unit-test-vs-integration-test/}},
  note = {Accessed: 2024-10-07}
}

@article{liang2018fuzzing,
  title={Fuzzing: State of the art},
  author={Liang, Hongliang and Pei, Xiaoxiao and Jia, Xiaodong and Shen, Wuwei and Zhang, Jian},
  journal={IEEE Transactions on Reliability},
  volume={67},
  number={3},
  pages={1199--1218},
  year={2018},
  publisher={IEEE}
}

@inproceedings{jiang2023detecting,
  title={Detecting Transactional Bugs in Database Engines via $\{$Graph-Based$\}$ Oracle Construction},
  author={Jiang, Zu-Ming and Liu, Si and Rigger, Manuel and Su, Zhendong},
  booktitle={17th USENIX Symposium on Operating Systems Design and Implementation (OSDI 23)},
  pages={397--417},
  year={2023}
}


@article{adya1999weak,
  title={Weak consistency: a generalized theory and optimistic implementations for distributed transactions},
  author={Adya, Atul},
  year={1999}
}

@inproceedings{cui2022differentially_ASE2022,
  title={Differentially testing database transactions for fun and profit},
  author={Cui, Ziyu and Dou, Wensheng and Dai, Qianwang and Song, Jiansen and Wang, Wei and Wei, Jun and Ye, Dan},
  booktitle={Proceedings of the 37th IEEE/ACM International Conference on Automated Software Engineering},
  pages={1--12},
  year={2022}
}

@inproceedings{dou2023detecting_ICSE2023,
  title={Detecting isolation bugs via transaction oracle construction},
  author={Dou, Wensheng and Cui, Ziyu and Dai, Qianwang and Song, Jiansen and Wang, Dong and Gao, Yu and Wang, Wei and Wei, Jun and Chen, Lei and Wang, Hanmo and others},
  booktitle={2023 IEEE/ACM 45th International Conference on Software Engineering (ICSE)},
  pages={1123--1135},
  year={2023},
  organization={IEEE}
}

@inproceedings{cui2024understanding_ICSE2024,
  title={Understanding Transaction Bugs in Database Systems},
  author={Cui, Ziyu and Dou, Wensheng and Gao, Yu and Wang, Dong and Song, Jiansen and Zheng, Yingying and Wang, Tao and Yang, Rui and Xu, Kang and Hu, Yixin and others},
  booktitle={Proceedings of the IEEE/ACM 46th International Conference on Software Engineering},
  pages={1--13},
  year={2024}
}

@inproceedings{gray1981transaction,
  title={The transaction concept: Virtues and limitations},
  author={Gray, Jim and others},
  booktitle={VLDB},
  volume={81},
  pages={144--154},
  year={1981}
}

@article{melton1992iso_ANSI,
  title={ISO/ANSI Working Draft: Database Language SQL (SQL3)},
  author={Melton, Jim},
  journal={ISO/IEC SQL Revision. New York: American National Standards Institute},
  year={1992}
}

@inproceedings{clark2024validating,
  title={Validating Database System Isolation Level Implementations with Version Certificate Recovery},
  author={Clark, Jack and Donaldson, Alastair F and Wickerson, John and Rigger, Manuel},
  booktitle={Proceedings of the Nineteenth European Conference on Computer Systems},
  pages={754--768},
  year={2024}
}

% https://podman.io/
@misc{podmanwebpage,
  title = {Podman},
  howpublished = {\url{https://podman.io/}},
  note = {Accessed: 2024-10-08}
}

% https://dev.mysql.com/doc/dev/mysql-server/latest/PAGE_MYSQL_TEST_RUN_PL.html
@misc{mysqltestrun,
  title = {MySQL Test Run},
  howpublished = {\url{https://dev.mysql.com/doc/dev/mysql-server/latest/PAGE_MYSQL_TEST_RUN_PL.html}},
  note = {Accessed: 2024-10-08}
}

% https://dev.mysql.com/doc/refman/8.0/en/innodb-consistent-read.html
@misc{mysqlconsistentread,
  title = {InnoDB Consistent Read},
  howpublished = {\url{https://dev.mysql.com/doc/refman/8.0/en/innodb-consistent-read.html}},
  note = {Accessed: 2024-11-06}
}

% https://docs.pingcap.com/tidb/stable/system-variables#tidb_snapshot
@misc{tidbsnapshot,
  title = {TiDB Snapshot},
  howpublished = {\url{https://docs.pingcap.com/tidb/stable/system-variables}},
  note = {Accessed: 2024-11-06}
}

% https://github.com/features/copilot
@misc{copilotwebpage,
  title = {GitHub Copilot},
  howpublished = {\url{https://github.com/features/copilot}},
  node = {Accessed: 224-10-08}
}

